% به نحوه نوشتن منابع فارسی، توجه بیشتری شود؛ در صورت وجود خطا، نمایش نامناسبی در منابع، ایجاد می‌شود.
@inproceedings{MohammadiAndMansouri1395,
  author = {محمدی ,هادی and منصوری ,آرش},
  title = {ارائه پیشنهادی جدید جهت ارزیابی نرم‌افزار}, 
  booktitle = {دومين كنفرانس بين المللي يافته هاي نوين علوم و تكنولوژي}, 
  publisher = {مركز مطالعات و تحقيقات اسلامي سروش حكمت مرتضوي}, 
  year = {1395},
  url = {http://www.civilica.com/Paper-DSCONF02-DSCONF02_092.html},
  LANGUAGE =   {Persian}
}
@inproceedings{EbrahimiAndFallah1393,
  author = {ابراهیمی‌ اتانی ,رضا and فلاح‌ مهدی‌نژاد ,مریم}, 
  title = {تأثير تضمين كيفيت نرم افزار در سازمان مبتني بر معماري سرويس گرا}, 
  booktitle = {دومين همايش ملي پژوهش هاي كاربردي در علوم كامپيوتر و فناوري اطلاعات}, 
  publisher = {دانشگاه جامع علمي كاربردي}, 
  year = {1393},
  url = {http://www.civilica.com/Paper-CITCONF02-CITCONF02_542.html},
  LANGUAGE =   {Persian}
}
@inproceedings{GarciaEtAl2009,
 author = {Garcia, Joshua and Popescu, Daniel and Edwards, George and Medvidovic, Nenad},
 title = {Identifying Architectural Bad Smells},
 booktitle = {Proceedings of the 2009 European Conference on Software Maintenance and Reengineering},
 series = {CSMR '09},
 year = 2009,
 isbn = {978-0-7695-3589-0},
 pages = {255--258},
 numpages = 4,
 url = {http://dx.doi.org/10.1109/CSMR.2009.59},
 doi = {10.1109/CSMR.2009.59},
 acmid = 1545447,
 publisher = {IEEE Computer Society},
 address = {Washington, DC, USA},
 keywords = {Software Maintenance, Software Architecture, Architectural Bad Smells, Architectural Refactoring},
} 
@article{HochsteinAndLinvall2005,
title = "Combating architectural degeneration: a survey ",
journal = "Information and Software Technology ",
volume = "47",
number = "10",
pages = "643 - 656",
year = "2005",
note = "",
issn = "0950-5849",
doi = "http://dx.doi.org/10.1016/j.infsof.2004.11.005",
url = "http://www.sciencedirect.com/science/article/pii/S0950584904001740",
author = "Lorin Hochstein and Mikael Lindvall",
keywords = "Software architecture",
keywords = "Architecture recovery",
keywords = "Architecture compliance ",
abstract = "As software systems evolve over time, they invariably undergo changes that can lead to a degeneration of the architecture. Left unchecked, degeneration may reach a level where a complete redesign is necessary, a task that requires significant effort. In this paper, we present a survey of technologies developed by researchers that can be used to combat degeneration, that is, technologies that can be employed in identifying, treating and researching degeneration. We also discuss the various causes of degeneration and how it can be prevented. "
}
@book{Jones:2011:ESQ:2025240,
 author = {Jones, Capers and Bonsignour, Olivier},
 title = {The Economics of Software Quality},
 year = {2011},
 isbn = {0132582201, 9780132582209},
 edition = {1st},
 publisher = {Addison-Wesley Professional},
}

